@misc{ingv,
  title = {{INGV} website},
  howpublished = {\url{http://www.ingv.it/}},
  note = {Last accessed: 01-02-2017}
}

@misc{noanet,
  title = {{NOANET} website},
  howpublished = {\url{http://194.177.194.238:8080/noanetgsac/}},
  note = {Last accessed: 01-02-2017}
}

@misc{teqc,
  title = {{TEQC} website},
  howpublished = {\url{https://www.unavco.org/software/data-processing/teqc/teqc.html}},
  note = {Last accessed: 01-02-2017}
}

@misc{crx2rnx,
  title = {{CRX2RNX} website},
  howpublished = {\url{http://terras.gsi.go.jp/ja/crx2rnx.html}},
  note = {Last accessed: 01-02-2017}
}

@inproceedings{boler2013new,
  title={New Collaboration Among Geodesy Data Centers in Europe and the US Facilitates Data Discovery and Access},
  author={Boler, FM and Wier, S and Dâ€™Agostino, N and Fernandes, RM and Ganas, A and Bruyninx, C},
  booktitle={AGU Fall meeting 2013 abstracts session IN23D-1444," International cross-project collaboration and interoperability of data management systems},
  year={2013}
}

@inproceedings{boler2014new,
  title={New Collaboration Among Geodesy Data Centers in Europe and the US Facilitates Data Discovery and Access},
  author={Boler, Fran and Wier, Stuart and D'Agostino, Nicola and Fernandes, Rui RM and Ganas, Athanassios and Bruyninx, Carine and Ofeigsson, Benedikt},
  booktitle={EGU General Assembly Conference Abstracts},
  volume={16},
  pages={12385},
  year={2014}
}

@inproceedings{ganas2011noanet,
  title={NOANET: High-rate GPS Network for Seismology and Geodynamics In Greece},
  author={Ganas, Athanassios and Chousianitis, Kostas and Drakatos, George and Papanikolaou, Marios and Argyrakis, Panagiotis and Kolligri, Maria and Petrou, Panagiota and Batsi, Evagelia and Tsimi, Christina},
  booktitle={Geophysical Research Abstracts},
  volume={13},
  year={2011}
}

@inproceedings{ganas2008noanet,
  title={NOANET: the new permanent GPS network for Geodynamics in Greece},
  author={Ganas, A and Drakatos, G and Rontogianni, S and Tsimi, C and Petrou, P and Papanikolaou, M and Argyrakis, P and Boukouras, K and Melis, N and Stavrakakis, G},
  booktitle={Geophysical Research Abstracts},
  volume={10},
  year={2008}
}